@misc{milneFT,
author={Milne, James S.},
title={Fields and Galois Theory (v5.00)},
year={2021},
note={Available at www.jmilne.org/math/},
pages={142}
}
@book{ fulton,
    title = {Algebraic Curves},
    author = {William Fulton},
    year = {1969},
    publisher = {W. A. Benjamin}
}